% Encoding: UTF-8
@Book{Mastering,
  title     = {Mastering Bitcoin: Unlocking Digital Cryptocurrencies},
  publisher = {O'Reilly Media},
  year      = {2014},
  author    = {Andreas M. Antonopoulos},
  isbn      = {978-1449374044}
}
@Comment{jabref-meta: databaseType:bibtex;}
