% Encoding: UTF-8

@Book{Mastering,
  title     = {Mastering Bitcoin: Unlocking Digital Cryptocurrencies},
  publisher = {O'Reilly Media},
  year      = {2014},
  author    = {Andreas M. Antonopoulos},
  isbn      = {978-1449374044},
  url       = {https://www.amazon.com/Mastering-Bitcoin-Unlocking-Digital-Cryptocurrencies/dp/1449374042?SubscriptionId=0JYN1NVW651KCA56C102&tag=techkie-20&linkCode=xm2&camp=2025&creative=165953&creativeASIN=1449374042},
}

@Article{richGetRicher,
  author    = {D{\'{a}}niel Kondor and M{\'{a}}rton P{\'{o}}sfai and Istv{\'{a}}n Csabai and G{\'{a}}bor Vattay},
  title     = {Do the Rich Get Richer? An Empirical Analysis of the Bitcoin Transaction Network},
  journal   = {{PLoS} {ONE}},
  year      = {2014},
  volume    = {9},
  number    = {2},
  pages     = {e86197},
  month     = {feb},
  doi       = {10.1371/journal.pone.0086197},
  editor    = {Matja{\v{z}} Perc},
  publisher = {Public Library of Science ({PLoS})},
}

@Book{elektrInstruBezEmitenta,
  title     = {Kryptowaluty jako elektroniczne instrumenty platnicze bez emitenta},
  publisher = {Wydawnictwo Uniwersytetu Wroclawskiego},
  year      = {2016},
  author    = {Witold Srokosz, Sebastian Bala},
  isbn      = {8322935412},
  date      = {2016-01-11},
  ean       = {9788322935415},
  pagetotal = {184},
  url       = {http://www.ebook.de/de/product/29878813/witold_srokosz_sebastian_bala_kryptowaluty_jako_elektroniczne_instrumenty_platnicze_bez_emitenta.html},
}

@Book{SekretyBitcoina,
  title     = {Sekrety Bitcoina i innych kryptowalut Jak zmienic wirtualne pieniadze w realne zyski},
  publisher = {Helion},
  year      = {2015},
  author    = {Homa Dominik},
  isbn      = {9788328303645},
  url       = {https://www.amazon.com/Sekrety-Bitcoina-kryptowalut-wirtualne-pieniadze/dp/8328303647?SubscriptionId=0JYN1NVW651KCA56C102&tag=techkie-20&linkCode=xm2&camp=2025&creative=165953&creativeASIN=8328303647},
}

@Book{BitcoinZloto21W,
  title     = {Bitcoin Zloto XXI wieku},
  publisher = {OnePress},
  year      = {2014},
  author    = {Kozlowski Mateusz Kopanko Karol},
  isbn      = {9788324697489},
  url       = {https://www.amazon.com/Bitcoin-Zloto-Kozlowski-Mateusz-Kopanko/dp/8324697489?SubscriptionId=0JYN1NVW651KCA56C102&tag=techkie-20&linkCode=xm2&camp=2025&creative=165953&creativeASIN=8324697489},
}

@Book{bitcoinForDummies,
  title     = {Bitcoin For Dummies},
  publisher = {John Wiley \& Sons Inc},
  year      = {2016},
  author    = {Prypto, Consumer Dummies},
  isbn      = {1119076137},
  date      = {2016-03-25},
  ean       = {9781119076131},
  pagetotal = {208},
  url       = {http://www.ebook.de/de/product/23521532/prypto_consumer_dummies_bitcoin_for_dummies.html},
}

@Book{BitcoinAndCryptocurrencyTechnologies,
  title     = {Bitcoin and Cryptocurrency Technologies},
  publisher = {Princeton Univers. Press},
  year      = {2016},
  author    = {Narayanan, Arvind and Bonneau, Joseph and Felten, Edward and Miller, Andrew and Goldfeder, Steven},
  isbn      = {0691171696},
  date      = {2016-07-11},
  ean       = {9780691171692},
  url       = {http://www.ebook.de/de/product/25808444/arvind_narayanan_joseph_bonneau_edward_felten_andrew_miller_steven_goldfeder_bitcoin_and_cryptocurrency_technologies.html},
}

@Book{BitcoinWirtualnaWalutaInternetu,
  title     = {Bitcoin Wirtualna waluta internetu},
  publisher = {OnePress},
  year      = {2014},
  author    = {Marcin Szymankiewicz},
  isbn      = {9788324680993},
  url       = {https://www.amazon.com/Bitcoin-Wirtualna-waluta-internetu-Szymankiewicz/dp/8324680993?SubscriptionId=0JYN1NVW651KCA56C102&tag=techkie-20&linkCode=xm2&camp=2025&creative=165953&creativeASIN=8324680993},
}

@Book{Cryptocurrency,
  title     = {Cryptocurrency},
  publisher = {Random House UK Ltd},
  year      = {2016},
  author    = {Paul Vigna, Michael J. Casey},
  isbn      = {1784700738},
  date      = {2016-04-02},
  ean       = {9781784700737},
  pagetotal = {374},
  url       = {http://www.ebook.de/de/product/25048645/paul_vigna_michael_j_casey_cryptocurrency.html},
}

@misc{nakamoto2008bitcoin,
  title={Bitcoin: A peer-to-peer electronic cash system},
  author={Nakamoto, Satoshi},
  year={2008}
}

@Book{TheAgeOfCryptocurrency,
  title     = {The Age of Cryptocurrency: How Bitcoin and the Blockchain Are Challenging the Global Economic Order},
  publisher = {PICADOR},
  year      = {2016},
  author    = {Paul Vigna, Michael J. Casey},
  isbn      = {1250081556},
  date      = {2016-01-12},
  ean       = {9781250081551},
  pagetotal = {384},
  url       = {http://www.ebook.de/de/product/23939210/paul_vigna_michael_j_casey_the_age_of_cryptocurrency_how_bitcoin_and_the_blockchain_are_challenging_the_global_economic_order.html},
}

@Book{MasteringBitcoinCyptocurrencyForBeginner,
  title     = {Bitcoin: Mastering Bitcoin \& Cyptocurrency for Beginners - Bitcoin Basics, Bitcoin Stories, Dogecoin, Reinventing Money \& Other Digital Currencies},
  publisher = {CreateSpace Independent Publishing Platform},
  year      = {2016},
  author    = {Tim Harris},
  isbn      = {978-1533427335},
  url       = {https://www.amazon.com/Bitcoin-Mastering-Cyptocurrency-Reinventing-Currencies/dp/153342733X?SubscriptionId=0JYN1NVW651KCA56C102&tag=techkie-20&linkCode=xm2&camp=2025&creative=165953&creativeASIN=153342733X},
}

@Book{BlockchainExplained,
  title     = {Blockchain Explained: A Technology Guide to the Bitcoin and Cryptocurrency Fintech Revolution},
  publisher = {CreateSpace Independent Publishing Platform},
  year      = {2016},
  author    = {R.J. Simmons},
  isbn      = {1535315946},
  url       = {https://www.amazon.com/Blockchain-Explained-Technology-Cryptocurrency-Revolution/dp/1535315946?SubscriptionId=0JYN1NVW651KCA56C102&tag=techkie-20&linkCode=xm2&camp=2025&creative=165953&creativeASIN=1535315946},
}

@Book{TheCompleteBeginnerGuideToEverythingYouNeedToKnowAboutBitcoinAndCryptocurrency,
  title     = {Bitcoin: The Complete Beginner’s Guide To Everything You Need to Know About Bitcoin and Cryptocurrency (Bitcoin, Blockchain, Cryptocurrency) (Volume 1)},
  publisher = {CreateSpace Independent Publishing Platform},
  year      = {2017},
  author    = {T.J. Richmond},
  isbn      = {978-1973894667},
  url       = {https://www.amazon.com/Bitcoin-Beginners-Everything-Cryptocurrency-Blockchain/dp/1973894661?SubscriptionId=0JYN1NVW651KCA56C102&tag=techkie-20&linkCode=xm2&camp=2025&creative=165953&creativeASIN=1973894661},
}

@Book{BitcoinAndTheBlockchain,
  title     = {Bitcoin and the Blockchain - Two Entry Level Guides: Bitcoin: A Simple Introduction and Understanding Bitcoin},
  publisher = {CreateSpace Independent Publishing Platform},
  year      = {2017},
  author    = {Eric Morse},
  isbn      = {978-1974281923},
  url       = {https://www.amazon.com/Bitcoin-Blockchain-Guides-Introduction-Understanding/dp/1974281922?SubscriptionId=0JYN1NVW651KCA56C102&tag=techkie-20&linkCode=xm2&camp=2025&creative=165953&creativeASIN=1974281922},
}

@Book{swiatSieciZlozonych,
  title     = {Świat sieci złożonych},
  publisher = {Wydawnictwo Naukowe PWN},
  year      = {2009},
  author    = {Agata Fronczak, Piotr Fronczak},
}

@Book{ZaawansowanaAnalizaDanych,
  title     = {Spark Zaawansowana analiza danych},
  publisher = {Helion},
  year      = {2015},
  author    = {Sandy Ryza Uri Laserson Sean Owen Josh Wills},
  isbn      = {978-83-283-1461-0},
  url       = {https://www.amazon.com/Spark-Zaawansowana-analiza-danych-Laserson/dp/8328314614?SubscriptionId=0JYN1NVW651KCA56C102&tag=techkie-20&linkCode=xm2&camp=2025&creative=165953&creativeASIN=8328314614},
}

@Book{UnderstandingLargeTemporalNetworks,
  title     = {Understanding Large Temporal Networks and Spatial Networks},
  publisher = {Wiley},
  year      = {2014},
  author    = {Doreian, Patrick},
  isbn      = {0470714522},
  date      = {2014-10-31},
  ean       = {9780470714522},
  url       = {http://www.ebook.de/de/product/22341708/patrick_doreian_understanding_large_temporal_networks_and_spatial_networks.html},
}

@Book{AGuidToTemporalNetworks,
  title     = {A Guide to Temporal Networks (Series on Complexity Science)},
  publisher = {WSPC (EUROPE)},
  year      = {2016},
  author    = {Naoki Masuda and Renaud Lambiotte},
  isbn      = {978-1-78634-116-7},
  url       = {https://www.amazon.com/Guide-Temporal-Networks-Complexity-Science-ebook/dp/B01KJCOMFW?SubscriptionId=0JYN1NVW651KCA56C102&tag=techkie-20&linkCode=xm2&camp=2025&creative=165953&creativeASIN=B01KJCOMFW},
}

@Book{OptimizationOfTemporalNetworksUnderUncertainty,
  title     = {Optimization of Temporal Networks under Uncertainty},
  publisher = {Springer Berlin Heidelberg},
  year      = {2012},
  author    = {Wiesemann, Wolfram},
  date      = {2012-01-04},
  ean       = {9783642234279},
  pagetotal = {160},
  url       = {http://www.ebook.de/de/product/18558378/wolfram_wiesemann_optimization_of_temporal_networks_under_uncertainty.html},
}

@Book{AFirstCourseInNetworkTheory,
  title     = {A First Course in Network Theory},
  publisher = {Oxford University Press},
  year      = {2015},
  author    = {Ernesto Estrada, Philip Knight},
  isbn      = {0198726465},
  date      = {2015-03-11},
  ean       = {9780198726463},
  url       = {http://www.ebook.de/de/product/23408439/ernesto_estrada_philip_knight_a_first_course_in_network_theory.html},
}


@Book{TemportalNetworks,
  title     = {Temporal Networks},
  publisher = {Springer-Verlag GmbH},
  year      = {2013},
  author    = {Petter Holme,‎ Jari Saramäki},
  isbn      = {3642364608},
  date      = {2013-06-30},
  ean       = {9783642364600},
  url       = {http://www.ebook.de/de/product/20196470/temporal_networks.html},
}

@Misc{networkAnalystsViewBlockChain,
  author       = {Martin Harrigan},
  title        = {A Network Analyst's View of the Block Chain},
  howpublished = {https://www.coindesk.com/network-analysts-view-block-chain/},
  year         = {2014},
}

@Misc{blockchaininfo,
  title        = {Strona internetowa {B}itcoinowego {B}lockchain’a},
  howpublished = {Dostępna pod adresem: https://blockchain.info/},
  year         = {2017},
}

@Misc{cryptocoinsnews,
  title        = {Strona internetowa poświęcona nowościom w kryptowalutach},
  howpublished = {Dostępna pod adresem: https://www.cryptocoinsnews.com/},
  year         = {2017},
}

@Misc{coindesk,
  title        = {Strona internetowa poświęcona nowościom o {B}lockchain’ie},
  howpublished = {Dostępna pod adresem: https://www.coindesk.com/},
  year         = {2017},
}

@Misc{bitcoinorg,
  title        = {Strona internetowa {B}itcoin},
  howpublished = {Dostępna pod adresem: https://www.bitcoin.org/},
  year         = {2017},
}

@Misc{Zcoinmarketcap,
  title        = {Strona internetowa poświęcona kapitalizacji rynku kryptowalut},
  howpublished = {Dostępna pod adresem: https://coinmarketcap.com/},
  year         = {2017},
}

@Misc{satoshi,
  title        = {Strona internetowa o {S}atoshi {N}akamoto - imię i nazwisko powszechnie uznane za pseudonim},
  howpublished = {Dostępna pod adresem: https://en.bitcoin.it/wiki/Satoshi\_Nakamoto/},
  year         = {2017},
}

@Misc{poloniex,
  title        = {Strona internetowa publicznych portfeli Bitcoina należaych do Poloniex.com},
  howpublished = {Dostępna pod adresem: https://www.walletexplorer.com/wallet/Poloniex.com/addresses},
  year         = {2017},
}


@book{wasserman1994social,
  title={Social network analysis: Methods and applications},
  author={Wasserman, Stanley and Faust, Katherine},
  volume={8},
  year={1994},
  publisher={Cambridge university press}
}

@book{barabasi2016network,
  title={Network science},
  author={Barab{\'a}si, Albert-L{\'a}szl{\'o}},
  year={2016},
  publisher={Cambridge university press}
}

@InProceedings{CryptoDenga,
  author    = {R.H. Deng and Li Gong and A.A. Lazar},
  title     = {Securing data transfer in asynchronous transfer mode networks},
  booktitle = {Proceedings of {GLOBECOM} {\textquotesingle}95},
  publisher = {{IEEE}},
  doi       = {10.1109/glocom.1995.502593},
}

@InProceedings{asynchModel,
  author    = {B. Pfitzmann and M. Waidner},
  title     = {A model for asynchronous reactive systems and its application to secure message transmission},
  booktitle = {Proceedings 2001 {IEEE} Symposium on Security and Privacy. S{\&}P 2001},
  publisher = {{IEEE} Comput. Soc},
  doi       = {10.1109/secpri.2001.924298},
}

@article{asychPrivateKey,
  title={Asynchronous Distributed Private-Key Generators for Identity-Based Cryptography.},
  author={Kate, Aniket and Goldberg, Ian},
  journal={IACR Cryptology ePrint Archive},
  volume={2009},
  pages={355},
  year={2009}
}

@InProceedings{sha2,
  author    = {N. Sklavos and O. Koufopavlou},
  title     = {On the hardware implementations of the {SHA}-2 (256, 384, 512) hash functions},
  booktitle = {Proceedings of the 2003 International Symposium on Circuits and Systems, 2003. {ISCAS} {\textquotesingle}03.},
  publisher = {{IEEE}},
  doi       = {10.1109/iscas.2003.1206214},
}

@Book{podstawyKryptografii,
  title         = {Podstawy kryptografii},
  publisher     = {Helion},
  year          = {2014},
  author        = {Marcin Karbowski},
  isbn          = {9788324669752},
  __markedentry = {[Bartosz:6]},
  url           = {https://www.amazon.com/Podstawy-kryptografii-Marcin-Karbowski/dp/8324669752?SubscriptionId=0JYN1NVW651KCA56C102&tag=techkie-20&linkCode=xm2&camp=2025&creative=165953&creativeASIN=8324669752},
}

@Comment{jabref-meta: databaseType:bibtex;}
